@article{chen,
    author = "Chen et al.",
    title = "Design and Implementation of Cloud Analytics-Assisted Smart Power Meters Considering Advanced Artificial Intelligence as Edge Analytics in Demand-Side Management for Smart Homes",
    journal = "Sensors",
    volume = "2047",
    number = "19",
    pages = "3",
    year = "2019",
}

@article{neuron,
    author = "Lobova et al.",
    title = "Assessing the anthropogenic impact on Lake Shira from antibiotic resistance of heterotrophic bacteria by neural networks methods",
    journal = "Microbiology",
    volume = "76",
    number = "2",
    pages = "230",
    year = "2007",
}

@inproceedings{lecun,
author = {Lecun et al.},
title = {Efficient BackProp},
year = {1998},
publisher = {Springer-Verlag},
address = {Berlin, Heidelberg},
booktitle = {Neural Networks: Tricks of the Trade, This Book is an Outgrowth of a 1996 NIPS Workshop},
pages = {9–50},
}

@InProceedings{batch, 
title = {Batch Normalization: Accelerating Deep Network Training by Reducing Internal Covariate Shift}, 
author = {Ioffe S. and Szegedy C.}, 
pages = {448--456}, 
year = {2015}, 
volume = {37}, 
series = {Proceedings of Machine Learning Research},
publisher = {PMLR}
}

@article{walther,
author = {Walther et al.},
year = {2004},
pages = {96--103},
title = {On the usefulness of attention for object recognition},
journal = {Workshop on Attention and Performance in Computational Vision at ECCV}
}

@article{valueva,
author = {Valueva et al.},
year = {2020},
pages = {232--243},
title = {Application of the residue number system to reduce hardware costs of the convolutional neural network implementation},
volume = "177",
journal = {Mathematics and Computers in Simulation}
}

@article{ffnn,
    author = "Schmidhuber J.",
    title = "Deep learning in neural networks: An overview",
    journal = "Microbiology",
    volume = "61",
    pages = "85--117",
    year = "2015",
}

@article{utgoff,
    author = "Utgoff P. and Stracuzzi D.",
    title = "Many-layered learning",
    journal = "Neural Computation",
    volume = "14",
    number = "10",
    pages = "2497--2529",
    year = "2002",
}

@article{shrager,
    author = "Schrager J. and Johnson M.",
    title = "Dynamic plasticity influences the emergence of function in a simple cortical array",
    journal = "Neural Networks",
    volume = "9",
    number = "7",
    pages = "1119--1129",
    year = "1996",
}

@article{borji,
    author = "Borji et al.",
    title = "Salient object detection: A benchmark",
    journal = "IEEE Trans. Image Process",
    volume = "24",
    number = "12",
    pages = "5706--5722",
    year = "2015",
}

@article{yamaguchi,
    author = "Yamaguchi et al.",
    title = "A neural network for speaker-independent isolated word recognition",
    journal = "ICSLP-1990",
    pages = "1077--1080",
    year = "1990",
}

@article{chen2,
  author={Chen et al.},
  journal={IEEE Transactions on Geoscience and Remote Sensing}, 
  title={Deep Feature Extraction and Classification of Hyperspectral Images Based on Convolutional Neural Networks}, 
  year={2016},
  volume={54},
  number={10},
  pages={6232-6251},
 }


@online{chadha,
    author = "Chadha G. and Schwung A.",
    title = "Learning the Non-linearity in Convolutional Neural Networks",
    url  = "https://arxiv.org/pdf/1905.12337.pdf",
    year = "2019",
}


@book{walczaka,
    title = {Encyclopedia of Physical Science and Technology (Third Edition)},
    author = {Walczaka S. and Narciso C.},
    year = {2001},
    publisher = {Academic Press},
    pages =  "631--645"
}

@book{zell,
    title = "{Simulation Neuronaler Netze}. ({German}) [{Simulation} of Neural Networks]",
    author = "Zell A.",
    year = "1994",
    publisher = "Addison-Wesley",
    pages =  "73"
}

@book{cnnintro,
    title = "A Survey of Convolutional Neural Networks: Analysis, Applications, and Prospects",
    author = "Zewen et al.",
    year = "2020",
    pages =  "1"
}

@article{backprop,
    title={ Learning representations by back-propagating errors},
    author={Rumelhart et al.},
    journal={Nature},
    volume={323},
    pages={533--536},
    year={1986}
}

@inproceedings{golik,
author = {Golik et al.},
year = {2013},
pages = {1756-1760},
title = {Cross-Entropy vs. Squared Error Training: a Theoretical and Experimental Comparison},
journal = {Proceedings of the Annual Conference of the International Speech Communication Association, INTERSPEECH}
}

@book{zhang2020dive,
    title={Dive into Deep Learning},
    author={Zhang et al.},
    year={2020}
}

@online{baeldung,
    author = "Baeldung",
    title = "Inadequacy of Linear Models: the Road to Nonlinear Functions",
    url  = "https://www.baeldung.com/cs/ml-linear-activation-functions",
    addendum = "(accessed: 02.11.2020)",
}

@online{ffnnpic,
    author = "Kumar Dash A.",
    title = "Feed Forward Neural Networks",
    url  = "https://iq.opengenus.org/feed-forward-neural-networks/",
    addendum = "(accessed: 02.11.2020)",
}

@online{stanford,
    author = "Stanford CS231n faculty",
    title = "CS231n Convolutional Neural Networks for Visual Recognition",
    url  = "https://cs231n.github.io/neural-networks-1/",
    addendum = "(accessed: 02.11.2020)",
}

@online{scholar,
    author = "Ward L.",
    title = "Attention",
    url  = "http://www.scholarpedia.org/article/Attention",
    addendum = "(accessed: 02.11.2020)",
}

@online{vogel,
    author = "Vogel S.",
    title = "Can a simple CNN work as well as Facial Recognition for differentiating Redheads?",
    url  = "https://towardsdatascience.com/can-a-simple-cnn-work-as-well-as-facial-recognition-for-differentiating-redheads-18596b05fdec",
    addendum = "(accessed: 03.11.2020)",
}

@online{culurciello,
    author = "Culurciello E.",
    title = "Neural Network Architectures",
    url  = "https://towardsdatascience.com/neural-network-architectures-156e5bad51ba",
    addendum = "(accessed: 03.11.2020)",
}

@online{sabyasachi,
    author = "Sabyasachi S.",
    title = "Deciding optimal kernel size for CNN",
    url  = "https://towardsdatascience.com/deciding-optimal-filter-size-for-cnns-d6f7b56f9363",
    addendum = "(accessed: 09.11.2020)",
}

@inproceedings{layers1,
author = {Lee et al.},
year = {2009},
pages = {609-616},
title = {Convolutional deep belief networks for scalable unsupervised learning of hierarchical representations},
journal = {Proceedings of the 26th International Conference On Machine Learning, ICML 2009}
}

@inbook{layers2,
author = {Lee et al.},
title = {Convolutional Deep Belief Networks for Scalable Unsupervised Learning of Hierarchical Representations},
year = {2009},
publisher = {Association for Computing Machinery},
booktitle = {Proceedings of the 26th Annual International Conference on Machine Learning},
pages = {609–616},
}




@inbook{knuth-fa,
    author = "Donald E. Knuth",
    title = "Fundamental Algorithms",
    publisher = "Addison-Wesley",
    year = "1973",
    chapter = "1.2",
    keywords  = "knuth,programming"
}


@article{tian,
author = {Tian et al.},
year = {2020},
pages = {117-129},
title = {Attention-guided CNN for image denoising},
volume = {124},
journal = {Neural Networks},
}

@article{jetley,
author = {Jetley et al.},
year = {2018},
pages = {117-12},
title = {Learn to pay attention},
volume = {124},
journal = {International Conference on
Learning Representations (2018)},
}

@article{schlemper1,
title = "Attention-Gated Networks for Improving Ultrasound Scan Plane Detection",
author = "Schlemper et al",
year = "2018",
journal = "International Conference on Medical Image Computing and Computer-Assisted Intervention"
}

@inproceedings{li,
author = {Li et al.},
year = {2019},
pages = {7026-7035},
title = {Attention-Guided Unified Network for Panoptic Segmentation},
journal = {Proceedings of the IEEE
conference on computer vision and pattern recognition}
}

@article{du,
  author={Du et al.},
  journal={IEEE Transactions on Geoscience and Remote Sensing}, 
  title={An Improved Quantum-Behaved Particle Swarm Optimization for Endmember Extraction}, 
  year={2019},
  volume={57},
  number={8},
  pages={6003-6017},
  }
  
@article{simonyan1,
  title={Deep Inside Convolutional Networks: Visualising Image Classification Models and Saliency Maps},
  author={Simonyan et al.},
  journal={CoRR},
  year={2014},
}

@inproceedings{vaswani,
author = {Vaswani et al.},
title = {Attention is All You Need},
year = {2017},
publisher = {Curran Associates Inc.},
booktitle = {Proceedings of the 31st International Conference on Neural Information Processing Systems},
pages = {6000–6010},
}

@misc{graves,
  author = {Graves et al.},
  title = {Neural Turing Machines},
  year = {2014},
  url = {http://arxiv.org/abs/1410.5401}
}

@inproceedings{luong,
    title = "Effective Approaches to Attention-based Neural Machine Translation",
    author = "Luong et al.",
    booktitle = "Proceedings of the 2015 Conference on Empirical Methods in Natural Language Processing",
    month = sep,
    year = "2015",
    publisher = "Association for Computational Linguistics",
    pages = "1412--1421",
}

@article{sordoni,
author = {Sordoni et al.},
year = {2016},
title = {Iterative Alternating Neural Attention for Machine Reading}
}

@article{pearson,
author = {Pearson K.},
year = {1895},
title = {Notes on regression and inheritance in the case of two parents},
journal = {Proceedings of the Royal Society of London},
volume = {58},
pages = {240--242}
}

@misc{bahdanau,
  author = {Bahdanau et al.},
  title = {Neural Machine Translation by Jointly Learning to Align and Translate},
  url = {http://arxiv.org/abs/1409.0473},
  year = 2014
}

@article{sifaoui,
author = {Sifaoui et al.},
year = {2008},
pages = {386-399},
title = {On the Use of Neural Network as a Universal Approximator},
volume = {2},
journal = {International Journal of Sciences}
}

@book{lehman,
author = {Lehman et al.},
year = {2005},
pages = {123},
title = {JMP for Basic Univariate and Multivariate Statistics: A Step-by-Step Guide},
journal = {SAS Institute.}
}

@book{myers,
  title={Research Design and Statistical Analysis},
  author={Myers et al.},
  pages={508},
  edition={2},
  year={2003},
  publisher={Lawrence Erlbaum}
}