@article{universe,
title = {Violation of CP invariance, C asymmetry, and baryon asymmetry of the universe},
author = {Sakharov A.},
journal = {Pisma Zh. Eksp. Teor. Fiz.},
year = {1967},
volume = {5},
number = {32}
}

@article{cern,
title = {The LHCb detector at the LHC},
author = {LHCb collaboration, Alves et al},
journal = {JINST},
year = {2008},
volume = {3},
pages = {S08005}
}

@article{charmonium,
  title = {Observation of $\mathit{CP}$ Violation in the ${\mathit{B}}^{0}$ Meson System},
  author = {BABAR Collaboration, Aubert et al},
  journal = {Phys. Rev. Lett.},
  volume = {87},
  number = {9},
  pages = {091801},
  year = {2001},
  publisher = {American Physical Society},
}


@article{first,
    author = "Christenson et al.",
    title = "Evidence for the 2$\pi$ decay of the $K_{2}^{0} meson$",
    journal = "Phys. Rev. Lett.",
    volume = "13",
    number = "138",
    year = "1964",
}

@article{straw,
author = {LHCb Outer Tracker group, Arink et al.},
year = {2014},
pages = {01002},
title = {Performance of the LHCb Outer Tracker},
volume = {9},
journal = {JINST},
}

@article{neuron,
    author = "Lobova et al.",
    title = "Assessing the anthropogenic impact on Lake Shira from antibiotic resistance of heterotrophic bacteria by neural networks methods",
    journal = "Microbiology",
    volume = "76",
    number = "2",
    pages = "230",
    year = "2007",
}

@article{cherenkov,
    author = "The LHCb RICH Collaboration, Adinolfi et al.",
    title = "Performance of the LHCb RICH detector at the LHC",
    journal = "Eur. Phys. J.",
    volume = "C73",
    number = "2431",
    year = "2013",
}

@article{Bplusminus,
    author = "Particle Data Group, Zyla et al.",
    title = "Review of Particle Physics",
    journal = "PTEP",
    volume = "2020",
    number = "8",
    year = "2020",
    pages = "083C01"
} 

@article{production,
author = {Aaij et al.},
year = {2017},
title = {Measurement of the $B^{\pm}$ production asymmetry and the  asymmetry in $B^{\pm} \rightarrow J/\psi K^{\pm}$ decays},
volume = {95},
journal = {Physical Review D}
}
